@Article{macdonald2014,
author = {John Macdonald and Robert Leishman and Randal Beard and Timothy McClain},
title = {Analysis of an Improved IMU-Based Observer for Multirotor Helicopters},
journal = {Journal of Intelligent Robot Systems},
year = {2014},
volume = {74},
pages = {1049-1061},
}

@Book{juang1994,
author = {Jer-nan Juan},
title = {Applied System Identification},
publisher = {PTR Prentice Hall},
year = {1994},
}

@InProceedings{honegger2013,
author = {Dominik Honegger and Lorenz Meier and Petri Tanskanen and Marc Pollefeys},
title = {An Open Source and Open Hardware Embedded Metric Optical Flow CMOS Camera for Indoor and Outdoor Applications},
year = {2013},
pages = {1736-1741},
series = {2013 IEEE International Conference on Robotics and Automation},
month = {May},
organization = {IEEE},
}