@InProceedings{gyorgy2014,
author = {Katalin Gyorgy and Andras Kelemen and Laszlo David},
title = {Unscented Kalman filters and Particle Filter methods for nonlinear state estimation},
year = {2014},
number = {7},
series = {International Conference Interdisciplinarity in Engineering},
}

@book{crassidis2011,
  title={Optimal estimation of dynamic systems},
  author={Crassidis, John L and Junkins, John L},
  year={2011},
  publisher={CRC press}
}