@book{crassidis2011,
  title={Optimal estimation of dynamic systems},
  author={John L. Crassidis and John L. Junkins},
  year={2011},
  publisher={CRC press}
}